<?xml version="1.0" encoding="UTF-8"?><record xmlns="http://www.loc.gov/MARC21/slim" xmlns:cinclude="http://apache.org/cocoon/include/1.0" xmlns:zs="http://www.loc.gov/zing/srw/">
  <leader>00390nz  a2200121n  4500</leader>
  <controlfield tag="001">nr 92026050 </controlfield>
  <controlfield tag="003">DLC</controlfield>
  <controlfield tag="005">19920725061502.3</controlfield>
  <controlfield tag="008">920724n| acannaab|          |n aaa     c</controlfield>
  <datafield tag="010" ind1=" " ind2=" ">
    <subfield code="a">nr 92026050 </subfield>
  </datafield>
  <datafield tag="040" ind1=" " ind2=" ">
    <subfield code="a">NNC</subfield>
    <subfield code="c">NNC</subfield>
  </datafield>
  <datafield tag="100" ind1="1" ind2="0">
    <subfield code="a">Fišera, František</subfield>
  </datafield>
  <datafield tag="670" ind1=" " ind2=" ">
    <subfield code="a">Československá obchodní a průmyslová komora. Adressbuch der Betriebe in der ČSFR, 1991:</subfield>
    <subfield code="b">colophon (František Fišera)</subfield>
  </datafield>
</record>